@article{Dieterich1994,
author = {Dieterich, James},
title = {A constitutive law for rate of earthquake production and its application to earthquake clustering},
journal = {Journal of Geophysical Research: Solid Earth},
volume = {99},
number = {B2},
pages = {2601-2618},
doi = {10.1029/93JB02581},
year = {1994}
}

@article{Heimisson2018,
  title={Constitutive law for earthquake production based on rate-and-state friction: Dieterich 1994 revisited},
  author={Heimisson, El{\'i}as R and Segall, Paul},
  journal={Journal of Geophysical Research: Solid Earth},
  volume={123},
  number={5},
  pages={4141--4156},
  year={2018},
  doi={10.1029/2018JB015656},
  publisher={Wiley Online Library}
}

@article{Heimisson2019JGR,
author = {Heimisson, El{\'i}as R.},
title = {Constitutive Law for Earthquake Production Based on Rate-and-State Friction: Theory and Application of Interacting Sources},
journal = {Journal of Geophysical Research: Solid Earth},
volume = {124},
number = {2},
pages = {1802-1821},
doi = {10.1029/2018JB016823},
year = {2019}
}

@article{Dieterich1979,
author = {Dieterich, James H.},
title = {Modeling of rock friction: 1. Experimental results and constitutive equations},
journal = {Journal of Geophysical Research: Solid Earth},
volume = {84},
number = {B5},
pages = {2161-2168},
doi = {10.1029/JB084iB05p02161},
year = {1979}
}

@article{Ruina1983,
author = {Ruina, Andy},
title = {Slip instability and state variable friction laws},
journal = {Journal of Geophysical Research: Solid Earth},
volume = {88},
number = {B12},
pages = {10359-10370},
doi = {10.1029/JB088iB12p10359},
year = {1983}
}

@article {Linker1992,
author = {Linker, M. F. and Dieterich, J. H.},
title = {Effects of variable normal stress on rock friction: {O}bservations and constitutive equations},
journal={J. Geophys. Res. Solid Earth},
volume = {97},
number = {B4},
issn = {2156-2202},
doi = {10.1029/92JB00017},
pages = {4923--4940},
keywords = {Fracture and flow},
year = {1992},
}

@article{Bourne2014,
author = {Bourne, S. J. and Oates, S. J. and van Elk, J. and Doornhof, D.},
title = {A seismological model for earthquakes induced by fluid extraction from a subsurface reservoir},
journal = {Journal of Geophysical Research: Solid Earth},
volume = {119},
number = {12},
pages = {8991-9015},
keywords = {induced, earthquake, compaction, gas},
doi = {10.1002/2014JB011663},
year = {2014}
}

@article{Heimisson2019,
title = "Poroelastic effects destabilize mildly rate-strengthening friction to generate stable slow slip pulses",
journal = "Journal of the Mechanics and Physics of Solids",
volume = "130",
pages = "262 -- 279",
year = "2019",
issn = "0022--5096",
doi = "10.1016/j.jmps.2019.06.007",
author = "El\'ias R. Heimisson and Eric M. Dunham and Martin Almquist",
}

@article{shelly2017,
  title={A 15 year catalog of more than 1 million low-frequency earthquakes: {T}racking tremor and slip along the deep {S}an {A}ndreas {F}ault},
  author={Shelly, David R},
  journal={J. Geophys. Res. Solid Earth},
  volume={122},
  number={5},
  pages={3739--3753},
  year={2017},
  publisher={Wiley Online Library}
}

@article{schwartz2007,
  title={Slow slip events and seismic tremor at circum-{P}acific subduction zones},
  author={Schwartz, Susan Y and Rokosky, Juliana M},
  journal={Rev. Geophys.},
  volume={45},
  number={3},
  year={2007},
  publisher={Wiley Online Library}
}

@book{segall2010,
  title={Earthquake and volcano deformation},
  author={Segall, Paul},
  year={2010},
  publisher={Princeton University Press}
}

@article{ikari2013,
  title={Slip weakening as a mechanism for slow earthquakes},
  author={Ikari, Matt J and Marone, Chris and Saffer, Demian M and Kopf, Achim J},
  journal={Nat. Geosci.},
  volume={6},
  number={6},
  pages={468},
  year={2013},
  doi={10.1038/ngeo1818},
  publisher={Nature Publishing Group}
}

@article{blanpied1995,
  title={Frictional slip of granite at hydrothermal conditions},
  author={Blanpied, Michael L and Lockner, David A and Byerlee, James D},
  journal={J. Geophys. Res. Solid Earth},
  volume={100},
  number={B7},
  pages={13045--13064},
  year={1995},
  publisher={Wiley Online Library}
}

@article{rubin2008,
  title={Episodic slow slip events and rate-and-state friction},
  author={Rubin, Allan M},
  journal={J. Geophys. Res. Solid Earth},
  volume={113},
  number={B11},
  year={2008},
  doi = {10.1029/2008JB005642},
  publisher={Wiley Online Library}
}

@article{ran2014,
  title={The permeability of fault zones: a case study of the {D}ead {S}ea rift ({M}iddle {E}ast)},
  author={Ran, Gabay and Eyal, Shalev and Yoseph, Yechieli and Amir, Sagy and Noam, Weisbrod},
  journal={Hydrogeology Journal},
  volume={22},
  number={2},
  pages={425--440},
  year={2014},
  publisher={Springer}
}

@article{iverson1989,
  title={Dynamic pore-pressure fluctuations in rapidly shearing granular materials},
  author={Iverson, Richard M and LaHusen, Richard G},
  journal={Science},
  volume={246},
  number={4931},
  pages={796--799},
  year={1989},
  publisher={American Association for the Advancement of Science}
}

@article{Segall2010b,
  title={Dilatant strengthening as a mechanism for slow slip events},
  author={Segall, Paul and Rubin, Allan M and Bradley, Andrew M and Rice, James R},
  journal={J. Geophys. Res. Solid Earth},
  volume={115},
  number={B12},
  publisher={Wiley Online Library},
  year={2010}
}

@article{Rice2001,
  title={Rate and state dependent friction and the stability of sliding between elastically deformable solids},
  author={Rice, James R and Lapusta, Nadia and Ranjith, K},
  journal={J. Mech. Phys. Solids},
  volume={49},
  number={9},
  pages={1865--1898},
  year={2001},
  publisher={Elsevier}
}

@incollection{Detournay1993,
  title={Fundamentals of poroelasticity},
  author={Detournay, Emmanuel and Cheng, Alexander H-D},
  booktitle={Analysis and Design Methods},
  pages={113--171},
  year={1995},
  publisher={Elsevier}
}

@article{Verruijt1971,
  title={Displacement functions in the theory of consolidation or in thermoelasticity},
  author={Verruijt, Arnold},
  journal={Zeitschrift f{\"u}r angewandte Mathematik und Physik ZAMP},
  volume={22},
  number={5},
  pages={891--898},
  year={1971},
  publisher={Springer}
}

@article{Mcnamee1960,
  title={Plane strain and axially symmetric problems of the consolidation of a semi-infinite clay stratum},
  author={McNamee, John and Gibson, R. E.},
  journal={Q. J. Mech. Appl. Math.},
  volume={13},
  number={2},
  pages={210--227},
  year={1960},
  publisher={Oxford University Press}
}

@article{Biot1956,
  title={General solutions of the equations of elasticity and consolidation for a porous material},
  author={Biot, Maurice A},
  journal={J. Appl. Mech.},
  volume={23},
  number={1},
  pages={91--96},
  year={1956}
}

@book{Segall2010,
  title={Earthquake and volcano deformation},
  author={Segall, Paul},
  year={2010},
  publisher={Princeton University Press}
}

@article{Segall2015,
  title={Injection-induced seismicity: Poroelastic and earthquake nucleation effects},
  author={Segall, P and Lu, S},
  journal={J. Geophys. Res. Solid Earth},
  volume={120},
  number={7},
  pages={5082--5103},
  year={2015},
  publisher={Wiley Online Library}
}

@article{Rudnicki2006,
  title={Effective normal stress alteration due to pore pressure changes induced by dynamic slip propagation on a plane between dissimilar materials},
  author={Rudnicki, John W and Rice, James R},
  journal={J. Geophys. Res. Solid Earth},
  volume={111},
  number={B10},
  doi = {10.1029/2006JB004396},
  publisher={Wiley Online Library},
  year={2006}
}

@article{Shapiro2010,
  title={Seismogenic index and magnitude probability of earthquakes induced during reservoir fluid stimulations},
  author={Shapiro, Serge A and Dinske, Carsten and Langenbruch, Cornelius and Wenzel, Friedemann},
  journal={The Leading Edge},
  volume={29},
  number={3},
  pages={304--309},
  year={2010},
  publisher={Society of Exploration Geophysicists}
}

@article{Shapiro2003,
  title={Triggering of seismicity by pore-pressure perturbations: {P}ermeability-related signatures of the phenomenon},
  author={Shapiro, SA and Patzig, R and Rothert, E and Rindschwentner, J},
  journal={Pure Appl. Geophys.},
  volume={160},
  number={5-6},
  pages={1051--1066},
  year={2003},
  publisher={Springer}
}

@article{Ellsworth2013,
  title={Injection-induced earthquakes},
  author={Ellsworth, William L},
  journal={Science},
  volume={341},
  number={6142},
  pages={1225942},
  year={2013},
  publisher={American Association for the Advancement of Science}
}

@article{Walsh2015,
  title={Oklahoma’s recent earthquakes and saltwater disposal},
  author={Walsh, F Rall and Zoback, Mark D},
  journal={Science advances},
  volume={1},
  number={5},
  pages={e1500195},
  year={2015},
  publisher={American Association for the Advancement of Science}
}

@article {Dieterich1994,
author = {Dieterich, James},
title = {A constitutive law for rate of earthquake production and its application to earthquake clustering},
journal={J. Geophys. Res. Solid Earth},
volume = {99},
number = {B2},
issn = {2156-2202},
doi = {10.1029/93JB02581},
pages = {2601--2618},
keywords = {Seismicity and tectonics, Earthquake dynamics, Dynamics of lithosphere and mantle: general, Rheology: crust and lithosphere, Rheology: general, Rheology: mantle},
year = {1994},
}


@article{Rudnicki1986,
  title={Fluid mass sources and point forces in linear elastic diffusive solids},
  author={Rudnicki, John W},
  journal={Mechanics of Materials},
  volume={5},
  number={4},
  pages={383--393},
  year={1986},
  publisher={Elsevier}
}


@article{Rubin2005,
  title={Earthquake nucleation on (aging) rate and state faults},
  author={Rubin, AM and Ampuero, J-P},
  journal={J. Geophys. Res. Solid Earth},
  volume={110},
  number={B11},
  year={2005},
  publisher={Wiley Online Library}
}

@article{Rice1976,
  title={Some basic stress diffusion solutions for fluid-saturated elastic porous media with compressible constituents},
  author={Rice, James R and Cleary, Michael P},
  journal={Rev. Geophys.},
  volume={14},
  number={2},
  pages={227--241},
  year={1976},
  doi = {10.1029/RG014i002p00227},
  publisher={Wiley Online Library}
}

@article{Rice1976b,
  title={The stabilization of spreading shear faults by coupled deformation-diffusion effects in fluid-infiltrated porous materials},
  author={Rice, James R and Simons, Donald A},
journal={J. Geophys. Res.},
  volume={81},
  pages={5322--5334},
  year={1976}
}

@article {Dunham2008,
author = {Dunham, Eric M. and Rice, James R.},
title = {Earthquake slip between dissimilar poroelastic materials},
journal={J. Geophys. Res. Solid Earth},
volume = {113},
number = {B9},
issn = {2156-2202},
doi = {10.1029/2007JB005405},
year = {2008},
note = {B09304}
}


@article{Dieterich1994b,
  title={Direct observation of frictional contacts: {N}ew insights for state-dependent properties},
  author={Dieterich, James H and Kilgore, Brian D},
  journal={Pure Appl. Geophys.},
  volume={143},
  number={1-3},
  pages={283--302},
  year={1994},
  publisher={Springer}
}

@article{Rubin2005,
  title={Earthquake nucleation on (aging) rate and state faults},
  author={Rubin, AM and Ampuero, J-P},
  journal={J. Geophys. Res. Solid Earth},
  volume={110},
  number={B11},
  year={2005},
  publisher={Wiley Online Library}
}

@article{Dieterich1992,
  title={Earthquake nucleation on faults with rate-and state-dependent strength},
  author={Dieterich, James H},
  journal={Tectonophysics},
  volume={211},
  number={1-4},
  pages={115--134},
  year={1992},
  publisher={Elsevier}
}

@article{Guglielmi2015,
  title={Seismicity triggered by fluid injection--induced aseismic slip},
  author={Guglielmi, Yves and Cappa, Fr{\'e}d{\'e}ric and Avouac, Jean-Philippe and Henry, Pierre and Elsworth, Derek},
  journal={Science},
  volume={348},
  number={6240},
  pages={1224--1226},
  doi = {10.1126/science.aab0476},
  year={2015},
  publisher={American Association for the Advancement of Science}
}

@article{Kohli2013,
  title={Frictional properties of shale reservoir rocks},
  author={Kohli, Arjun H and Zoback, Mark D},
  journal={J. Geophys. Res. Solid Earth},
  volume={118},
  number={9},
  pages={5109--5125},
  year={2013},
  doi = {10.1002/jgrb.50346},
  publisher={Wiley Online Library}
}

@article{Evans1997,
  title={Permeability of fault-related rocks, and implications for hydraulic structure of fault zones},
  author={Evans, James P and Forster, Craig B and Goddard, James V},
  journal={Journal of Structural Geology},
  volume={19},
  number={11},
  pages={1393--1404},
  year={1997},
  publisher={Elsevier}
}

@article{Jourde2002,
  title={Computing permeability of fault zones in eolian sandstone from outcrop measurements},
  author={Jourde, Herve and Flodin, Eric A and Aydin, Atilla and Durlofsky, Louis J and Wen, Xian-Huan},
  journal={AAPG bulletin},
  volume={86},
  number={7},
  year={2002},
  publisher={American Association of Petroleum Geologists}
}

@article{Bhattacharya2015,
  title={Critical evaluation of state evolution laws in rate and state friction: Fitting large velocity steps in simulated fault gouge with time-, slip-, and stress-dependent constitutive laws},
  author={Bhattacharya, Pathikrit and Rubin, Allan M and Bayart, Elsa and Savage, Heather M and Marone, Chris},
  journal={J. Geophys. Res. Solid Earth},
  volume={120},
  number={9},
  pages={6365--6385},
  year={2015},
  publisher={Wiley Online Library}
}

@article{Bhattacharya2022,
author = {Pathikrit Bhattacharya  and Allan M. Rubin  and Terry E. Tullis  and Nicholas M. Beeler  and Keishi Okazaki },
title = {The evolution of rock friction is more sensitive to slip than elapsed time, even at near-zero slip rates},
journal = {Proceedings of the National Academy of Sciences},
volume = {119},
number = {30},
pages = {e2119462119},
year = {2022},
doi = {10.1073/pnas.2119462119}
}

@article{Ampuero2008,
author = {Ampuero, Jean-Paul and Rubin, Allan M.},
title = {Earthquake nucleation on rate and state faults – Aging and slip laws},
journal = {Journal of Geophysical Research: Solid Earth},
volume = {113},
number = {B1},
pages = {},
keywords = {Earthquake nucleation, rate and state friction, transient slip events},
doi = {https://doi.org/10.1029/2007JB005082},
year = {2008}
}


@article{Kato2004,
  title={Interaction of slip on asperities: {N}umerical simulation of seismic cycles on a two-dimensional planar fault with nonuniform frictional property},
  author={Kato, Naoyuki},
  journal={J. Geophys. Res. Solid Earth},
  volume={109},
  number={B12},
  year={2004},
  publisher={Wiley Online Library}
}

@article{Kato2003,
  title={A possible model for large preseismic slip on a deeper extension of a seismic rupture plane},
  author={Kato, Naoyuki},
  journal={Earth Planet. Sc. Lett.},
  volume={216},
  number={1-2},
  pages={17--25},
  year={2003},
  publisher={Elsevier}
}

@article{Burgmann2018,
  title={The geophysics, geology and mechanics of slow fault slip},
  author={B{\"u}rgmann, Roland},
  journal={Earth Planet. Sc. Lett.},
  volume={495},
  pages={112--134},
  year={2018},
  publisher={Elsevier}
}

@article{Kato2012,
  title={Propagation of slow slip leading up to the 2011 {M}w 9.0 {T}ohoku-{O}ki earthquake},
  author={Kato, Aitaro and Obara, Kazushige and Igarashi, Toshihiro and Tsuruoka, Hiroshi and Nakagawa, Shigeki and Hirata, Naoshi},
  journal={Science},
  volume={335},
  number={6069},
  pages={705--708},
  year={2012},
  publisher={American Association for the Advancement of Science}
}

@article{Segall2012,
  title={Slow-slip evolves into megathrust earthquakes in {2D} numerical simulations},
  author={Segall, Paul and Bradley, Andrew M},
  journal = {Geophys. Res. Lett.},
  volume={39},
  number={18},
  year={2012},
  publisher={Wiley Online Library}
}

@article{Gao2012,
  title={Scaling relationships of source parameters for slow slip events},
  author={Gao, Haiying and Schmidt, David A and Weldon, Ray J},
  journal={Bull. Seismol. Soc. Am},
  volume={102},
  number={1},
  pages={352--360},
  year={2012},
  publisher={Seismological Society of America}
}

@article{Peng2010,
  title={An integrated perspective of the continuum between earthquakes and slow-slip phenomena},
  author={Peng, Zhigang and Gomberg, Joan},
  journal={Nat. Geosci.},
  volume={3},
  number={9},
  pages={599},
  year={2010},
  doi={10.1038/ngeo940},
  publisher={Nature Publishing Group}
}

@article{kaproth2013,
  title={Slow earthquakes, preseismic velocity changes, and the origin of slow frictional stick-slip},
  author={Kaproth, Bryan M and Marone, C},
  journal={Science},
  volume={341},
  number={6151},
  pages={1229--1232},
  year={2013},
  publisher={American Association for the Advancement of Science}
}

@article{Okazaki2015,
  title={Slow stick slip of antigorite serpentinite under hydrothermal conditions as a possible mechanism for slow earthquakes},
  author={Okazaki, Keishi and Katayama, Ikuo},
  journal = {Geophys. Res. Lett.},
  volume={42},
  number={4},
  pages={1099--1104},
  year={2015},
  publisher={Wiley Online Library}
}

@inproceedings{Zoback2012,
  title={The importance of slow slip on faults during hydraulic fracturing stimulation of shale gas reservoirs},
  author={Zoback, Mark D and Kohli, Arjun and Das, Indrajit and Mcclure, Mark William},
  booktitle={SPE Americas Unconventional Resources Conference},
  year={2012},
  organization={Society of Petroleum Engineers}
}

@article{Beroza2011,
author = {Gregory C. Beroza and Satoshi Ide},
title = {Slow Earthquakes and Nonvolcanic Tremor},
journal = {Annu. Rev. Earth Pl. Sc.},
volume = {39},
number = {1},
pages = {271-296},
year = {2011},
doi = {10.1146/annurev-earth-040809-152531},
}

@article{Svard2014,
title = "Review of summation-by-parts-operators schemes for initial-boundary-value problems ",
journal = "J. Comput. Phys.",
volume = "268",
number = "0",
pages = "17-38",
year = "2014",
note = "",
issn = "0021-9991",
author = {Magnus Sv\"ard and Jan Nordstr\"om}
}

@article{DelReyFernandez2014a,
title = "Review of summation-by-parts operators with simultaneous approximation terms for the numerical solution of partial differential equations",
journal = "Comput. Fluids",
author = "David C. {Del Rey Fern\'{a}ndez} and Jason E. Hicken and David W. Zingg",
volume = "95",
number = "",
pages = "171 - 196",
year = "2014",
note = "",
issn = "0045-7930"
}


@article{CarpenterGottlieb94,
  author  = {M. H. Carpenter and D. Gottlieb and S. Abarbanel},
  title   = {{T}ime-stable boundary conditions for finite-difference schemes solving hyperbolic systems: {M}ethodology and application to high-order compact schemes},
  journal = {J. Comput. Phys.},
  volume = {111(2)},
  Pages = {220--236},
  year   = 1994
}

@article{Frank2015,
title = "Along-fault pore-pressure evolution during a slow-slip event in {G}uerrero, {M}exico",
journal = "Earth and Planetary Science Letters",
volume = "413",
pages = "135 - 143",
year = "2015",
issn = "0012-821X",
doi = "https://doi.org/10.1016/j.epsl.2014.12.051",
url = "http://www.sciencedirect.com/science/article/pii/S0012821X14008127",
author = "W.B. Frank and N.M. Shapiro and A.L. Husker and V. Kostoglodov and H.S. Bhat and M. Campillo",
keywords = "slow slip, pore-pressure, subduction, low-frequency earthquakes"
}

@article{Ide2007,
  title={A scaling law for slow earthquakes},
  author={Ide, Satoshi and Beroza, Gregory C and Shelly, David R and Uchide, Takahiko},
  journal={Nature},
  volume={447},
  number={7140},
  pages={76},
  year={2007},
  publisher={Nature Publishing Group}
}

@article{Shelly2007,
author = {Shelly, David R. and Beroza, Gregory C. and Ide, Satoshi},
title = {Complex evolution of transient slip derived from precise tremor locations in western Shikoku, Japan},
journal = {Geochem. Geophy. Geosy.},
volume = {8},
number = {10},
pages = {},
keywords = {tremor, transient slip, Japan, subduction},
doi = {10.1029/2007GC001640}
}

@article{Rubinstein2007,
  title={Non-volcanic tremor driven by large transient shear stresses},
  author={Rubinstein, Justin L and Vidale, John E and Gomberg, Joan and Bodin, Paul and Creager, Kenneth C and Malone, Stephen D},
  journal={Nature},
  volume={448},
  number={7153},
  pages={579},
  year={2007},
  publisher={Nature Publishing Group}
}

@article{Tape2018,
  title={Earthquake nucleation and fault slip complexity in the lower crust of central {A}laska},
  author={Tape, Carl and Holtkamp, Stephen and Silwal, Vipul and Hawthorne, Jessica and Kaneko, Yoshihiro and Ampuero, Jean Paul and Ji, Chen and Ruppert, Natalia and Smith, Kyle and West, Michael E},
  journal={Nature Geoscience},
  pages={1},
  year={2018},
  publisher={Nature Publishing Group}
}

@article{Nakata2008,
  title={Non-volcanic tremor resulting from the combined effect of {E}arth tides and slow slip events},
  author={Nakata, Ryoko and Suda, Naoki and Tsuruoka, Hiroshi},
  journal={Nat, Geosci.},
  volume={1},
  number={10},
  pages={676},
  year={2008},
  publisher={Nature Publishing Group}
}

@article{Kano2018,
  title={Development of a Slow Earthquake Database},
  author={Kano, Masayuki and Aso, Naofumi and Matsuzawa, Takanori and Ide, Satoshi and Annoura, Satoshi and Arai, Ryuta and Baba, Satoru and Bostock, Michael and Chao, Kevin and Heki, Kosuke and others},
  journal={Seismological Research Letters},
  year={2018},
  publisher={Seismological Society of America}
}

@article{SSE1,
author = {Shutaro Sekine and Hitoshi Hirose and Kazushige Obara},
title = {Along‐strike variations in short‐term slow slip events in the southwest {J}apan subduction zone},
journal = {Journal of Geophysical Research: Solid Earth},
volume = {115},
number = {B9},
pages = {},
keywords = {short‐term slow slip event, southwest Japan, nonvolcanic tremor},
doi = {10.1029/2008JB006059},
url = {https://agupubs.onlinelibrary.wiley.com/doi/abs/10.1029/2008JB006059}
}

@article{SSE2,
author = {Yoko Tu and Kosuke Heki},
title = {Decadal Modulation of Repeating Slow Slip Event Activity in the Southwestern Ryukyu Arc Possibly Driven by Rifting Episodes at the Okinawa Trough},
journal = {Geophys. Res. Lett.},
volume = {44},
number = {18},
pages = {9308-9313},
keywords = {slow slip event, GNSS, slip accumulation rate, Ryukyu subduction zone, Okinawa Trough, back‐arc spreading},
doi = {10.1002/2017GL074455},
url = {https://agupubs.onlinelibrary.wiley.com/doi/abs/10.1002/2017GL074455}
}

@article{SSE3,
title = "Episodic slow slip events in the Japan subduction zone before the 2011 Tohoku-Oki earthquake",
journal = "Tectonophysics",
volume = "600",
pages = "14 -- 26",
year = "2013",
note = "Great Earthquakes along Subduction Zones",
issn = "0040-1951",
doi = "https://doi.org/10.1016/j.tecto.2012.08.022",
url = "http://www.sciencedirect.com/science/article/pii/S0040195112004994",
author = "Yoshihiro Ito and Ryota Hino and Motoyuki Kido and Hiromi Fujimoto and Yukihito Osada and Daisuke Inazu and Yusaku Ohta and Takeshi Iinuma and Mako Ohzono and Satoshi Miura and Masaaki Mishina and Kensuke Suzuki and Takeshi Tsuji and Juichiro Ashi",
keywords = "Slow slip event, Earthquake triggering, Ocean-bottom pressure, Volumetric strain, The 2011 Tohoku-Oki earthquake, Subduction zone"
}

@article{SSE4,
author = {Satoshi Itaba and Ryosuke Ando},
title = {A slow slip event triggered by teleseismic surface waves},
journal = {Geophysical Research Letters},
volume = {38},
number = {21},
pages = {},
keywords = {dynamic triggering, earthquake triggering, slow earthquake, slow slip event, strain, tremor},
doi = {10.1029/2011GL049593},
url = {https://agupubs.onlinelibrary.wiley.com/doi/abs/10.1029/2011GL049593}
}

@article{Heaton1990,
  title={Evidence for and implications of self-healing pulses of slip in earthquake rupture},
  author={Heaton, Thomas H},
  journal={Physics of the Earth and Planetary Interiors},
  volume={64},
  number={1},
  pages={1--20},
  year={1990},
  publisher={Elsevier}
}

@article{Sleep1992,
  title={Creep, compaction and the weak rheology of major faults},
  author={Sleep, Norman H and Blanpied, Michael L},
  journal={Nature},
  volume={359},
  number={6397},
  pages={687},
  year={1992},
  publisher={Nature Publishing Group}
}

@Article{Torberntsson2018,
author="Torberntsson, Kim
and Stiernstr{\"o}m, Vidar
and Mattsson, Ken
and Dunham, Eric M.",
title="A finite difference method for earthquake sequences in poroelastic solids",
journal="Computat. Geosci.",
year="2018",
month="Jul",
day="19",
issn="1573-1499",
doi="10.1007/s10596-018-9757-1",
volume={22},
number={5},
pages={1351--1370}
}

@article{Aldam2017,
  title={Nonmonotonicity of the frictional bimaterial effect},
  author={Aldam, Michael and Xu, Shiqing and Brener, Efim A and Ben-Zion, Yehuda and Bouchbinder, Eran},
  journal={J. Geophys. Res. Solid Earth},
  volume={122},
  number={10},
  pages={8270--8284},
  year={2017},
  publisher={Wiley Online Library}
}

@article{Brener2016,
  title={Dynamic instabilities of frictional sliding at a bimaterial interface},
  author={Brener, Efim A and Weikamp, Marc and Spatschek, Robert and Bar-Sinai, Yohai and Bouchbinder, Eran},
  journal={J. Mech. Phys. Solids},
  volume={89},
  pages={149--173},
  year={2016},
  publisher={Elsevier}
}

@article{Baumberger2002,
  title={Self-healing slip pulses along a gel/glass interface},
  author={Baumberger, Tristan and Caroli, Christiane and Ronsin, Olivier},
  journal={Phys. rev. lett.},
  volume={88},
  number={7},
  pages={075509},
  year={2002},
  publisher={APS}
}

@article{Galeano2000,
  title={Experimental and theoretical results of stress relaxations in a model of earthquake dynamics},
  author={Galeano, J and Espanol, P and Rubio, MA},
  journal={Europhys. Lett.},
  volume={49},
  number={4},
  pages={410},
  year={2000},
  publisher={IOP Publishing}
}

@article{Rubio1994,
  title={Stick-slip dynamics in the relaxation of stresses in a continuous elastic medium},
  author={Rubio, Miguel A and Galeano, Javier},
  journal={Phys. Rev. E},
  volume={50},
  number={2},
  pages={1000},
  year={1994},
  publisher={APS}
}

@article{Baumberger2003,
  title={Self-healing slip pulses and the friction of gelatin gels},
  author={Baumberger, Tristan and Caroli, Christiane and Ronsin, Olivier},
  journal={Eur. Phys. J. E},
  volume={11},
  number={1},
  pages={85--93},
  year={2003},
  publisher={Springer}
}

@article{caroli2000,
  title={Slip pulses at a sheared frictional viscoelastic/nondeformable interface},
  author={Caroli, C},
  journal={Phys. Rev. E},
  volume={62},
  number={2},
  pages={1729},
  year={2000},
  publisher={APS}
}

@article{Svetlizky2014,
  title={Classical shear cracks drive the onset of dry frictional motion},
  author={Svetlizky, Ilya and Fineberg, Jay},
  journal={Nature},
  volume={509},
  number={7499},
  pages={205},
  year={2014},
  doi={10.1038/nature13202},
  publisher={Nature Publishing Group}
}

@article{Shelly2010,
  title={Precise tremor source locations and amplitude variations along the lower-crustal central {S}an {A}ndreas {F}ault},
  author={Shelly, David R and Hardebeck, Jeanne L},
  journal = {Geophys. Res. Lett.},
  volume={37},
  number={14},
  year={2010},
  publisher={Wiley Online Library}
}

@article{Ronsin2011,
  title={Nucleation and propagation of quasi-static interfacial slip pulses},
  author={Ronsin, O and Baumberger, Tristan and Hui, CY},
  journal={J. Adhesion},
  volume={87},
  number={5},
  pages={504--529},
  year={2011},
  publisher={Taylor \& Francis}
}

@article{Shlomai2016,
  title={The structure of slip-pulses and supershear ruptures driving slip in bimaterial friction},
  author={Shlomai, Hadar and Fineberg, Jay},
  journal={Nat. Commun.},
  volume={7},
  pages={11787},
  year={2016},
  publisher={Nature Publishing Group}
}

@article{Rice1983,
  title={Stability of steady frictional slipping},
  author={Rice, James R and Ruina, Andy},
  journal={J. Appl. Mech.},
  volume={50},
  number={2},
  pages={343--349},
  year={1983},
  publisher={American Society of Mechanical Engineers}
}

@article{Marone1998,
  title={Laboratory-derived friction laws and their application to seismic faulting},
  author={Marone, Chris},
  journal = {Annu. Rev. Earth Pl. Sc.},
  volume={26},
  number={1},
  pages={643--696},
  year={1998},
  publisher={Annual Reviews 4139 El Camino Way, PO Box 10139, Palo Alto, CA 94303-0139, USA}
}

@book{Scholz2002,
  title={The Mechanics of Earthquakes and Faulting},
  author={Scholz, Christopher H},
  year={2002},
  publisher={Cambridge university press}
}

@article{Saffer2015,
  title={The frictional, hydrologic, metamorphic and thermal habitat of shallow slow earthquakes},
  author={Saffer, Demian M and Wallace, Laura M},
  journal={Nat. Geosci.},
  volume={8},
  number={8},
  pages={594},
  year={2015},
  doi={10.1038/ngeo2490},
  publisher={Nature Publishing Group}
}

@article{He2007,
  title={Frictional sliding of gabbro gouge under hydrothermal conditions},
  author={He, Changrong and Wang, Zeli and Yao, Wenming},
  journal={Tectonophysics},
  volume={445},
  number={3-4},
  pages={353--362},
  year={2007},
  publisher={Elsevier}
}

@article{Wibberley2003,
  title={Internal structure and permeability of major strike-slip fault zones: the {M}edian {T}ectonic {L}ine in {M}ie {P}refecture, {S}outhwest {J}apan},
  author={Wibberley, Christopher AJ and Shimamoto, Toshihiko},
  journal={J. Struct. Geol.},
  volume={25},
  number={1},
  pages={59--78},
  year={2003},
  publisher={Elsevier}
}

@article{Weertman1980,
  title={Unstable slippage across a fault that separates elastic media of different elastic constants},
  author={Weertman, Johannes},
  journal={J. Geophys. Res. Solid Earth},
  volume={85},
  number={B3},
  pages={1455--1461},
  year={1980},
  publisher={Wiley Online Library}
}

@article{Ranjith2001,
  title={Slip dynamics at an interface between dissimilar materials},
  author={Ranjith, K and Rice, JR},
  journal={Journal of the Mechanics and Physics of Solids},
  volume={49},
  number={2},
  pages={341--361},
  year={2001},
  publisher={Elsevier}
}

@article{Ghosh2010,
  title={Rapid, continuous streaking of tremor in {C}ascadia},
  author={Ghosh, Abhijit and Vidale, John E and Sweet, Justin R and Creager, Kenneth C and Wech, Aaron G and Houston, Heidi and Brodsky, Emily E},
  journal={Geochem. Geophy. Geosy.},
  volume={11},
  number={12},
  year={2010},
  publisher={Wiley Online Library}
}

@article{Wiens2008,
  title={Simultaneous teleseismic and geodetic observations of the stick--slip motion of an {A}ntarctic ice stream},
  author={Wiens, Douglas A and Anandakrishnan, Sridhar and Winberry, J Paul and King, Matt A},
  journal={Nature},
  volume={453},
  number={7196},
  pages={770},
  year={2008},
  publisher={Nature Publishing Group}
}

@article{Iverson2010,
  title={Shear resistance and continuity of subglacial till: hydrology rules},
  author={Iverson, Neal R},
  journal={J. Glaciol.},
  volume={56},
  number={200},
  pages={1104--1114},
  year={2010},
  publisher={Cambridge University Press}
}

@article{Schulz2009,
  title={Relations between hydrology and velocity of a continuously moving landslide-{E}vidence of pore-pressure feedback regulating landslide motion?},
  author={Schulz, William H and McKenna, Jonathan P and Kibler, John D and Biavati, Giulia},
  journal={Landslides},
  volume={6},
  number={3},
  pages={181--190},
  year={2009},
  publisher={Springer}
}

@article{Shelly2010nat,
  title={Migrating tremors illuminate complex deformation beneath the seismogenic San Andreas fault},
  author={Shelly, David R},
  journal={Nature},
  volume={463},
  number={7281},
  pages={648},
  year={2010},
  publisher={Nature Publishing Group}
}

@article{Peng2016,
  title={High-resolution images of tremor migrations beneath the {O}lympic Peninsula from stacked array of arrays seismic data},
  author={Peng, Yajun and Rubin, Allan M},
  journal = {Geochem. Geophy. Geosy.},
  volume={17},
  number={2},
  pages={587--601},
  doi = {10.1002/2015GC006141},
  year={2016},
  publisher={Wiley Online Library}
}

@article {Frank2018,
	author = {Frank, William B. and Rousset, Baptiste and Lasserre, C{\'e}cile and Campillo, Michel},
	title = {Revealing the cluster of slow transients behind a large slow slip event},
	volume = {4},
	number = {5},
	elocation-id = {eaat0661},
	year = {2018},
	doi = {10.1126/sciadv.aat0661},
	publisher = {American Association for the Advancement of Science},
	journal = {Sci. Adv.}
}

@article{Song2017,
  title={Plane-Strain Shear Dislocation on a Leaky Plane in a Poroelastic Solid},
  author={Song, Yongjia and Rudnicki, John W},
  journal={J. Appl. Mech.},
  volume={84},
  number={2},
  pages={021008},
  year={2017},
  publisher={American Society of Mechanical Engineers}
}

@article{Bar2014,
  title={On the velocity-strengthening behavior of dry friction},
  author={Bar-Sinai, Yohai and Spatschek, Robert and Brener, Efim A and Bouchbinder, Eran},
  journal={J. Geophys. Res. Solid Earth},
  volume={119},
  number={3},
  pages={1738--1748},
  year={2014},
  doi = {10.1002/2013JB010586},
  publisher={Wiley Online Library}
}

@article{Bar2012,
  title={Slow rupture of frictional interfaces},
  author={Bar-Sinai, Yohai and Brener, Efim A and Bouchbinder, Eran},
  journal = {Geophys. Res. Lett.},
  volume={39},
  year={2012},
  number={3},
  doi = {10.1029/2011GL050554},
  publisher={Wiley Online Library}
}

@article{Behnsen2011,
  title={Water and argon permeability of phyllosilicate powders under medium to high pressure},
  author={Behnsen, J and Faulkner, DR},
  journal={Earth Planet. Sc. Lett.},
  volume={116},
  number={B12},
  year={2011},
  publisher={Wiley Online Library}
}

@article{Chester1993,
  title={Internal structure and weakening mechanisms of the San Andreas fault},
  author={Chester, Frederick M and Evans, James P and Biegel, Ronald L},
  journal={J. Geophys. Res.},
  volume={98},
  number={B1},
  pages={771--786},
  year={1993},
  publisher={Wiley Online Library}
}

@article{Chester1986,
  title={Implications for mechanical properties of brittle faults from observations of the Punchbowl fault zone, California},
  author={Chester, FM and Logan, John M},
  journal={Pure Appl. Geophys.},
  volume={124},
  number={1-2},
  pages={79--106},
  year={1986},
  publisher={Springer}
}

@article{Mitchell2012,
  title={Towards quantifying the matrix permeability of fault damage zones in low porosity rocks},
  author={Mitchell, TM and Faulkner, DR},
  journal={Earth Planet. Sc. Lett.},
  volume={339},
  pages={24--31},
  year={2012},
  publisher={Elsevier}
}

@article{RiceandSimons1976,
author = {Rice, James R. and Simons, Donald A.},
title = {The stabilization of spreading shear faults by coupled deformation-diffusion effects in fluid-infiltrated porous materials},
journal={J. Geophys. Res.},
volume = {81},
number = {29},
pages = {5322-5334},
doi = {10.1029/JB081i029p05322},
year = {1976}
}

@article{Chesterandchester1998,
title = "Ultracataclasite structure and friction processes of the Punchbowl fault, {S}an {A}ndreas system, {C}alifornia",
journal = "Tectonophysics",
volume = "295",
number = "1",
pages = "199 -- 221",
year = "1998",
issn = "0040--1951",
doi = "10.1016/S0040-1951(98)00121-8",
author = "Frederick M Chester and Judith S Chester"
}

@article{Chester2004structure,
  title={Structure of large-displacement, strike-slip fault zones in the brittle continental crust},
  author={Chester, F. M. and Chester, J. S. and Kirschner, D. L. and Schulz, S. E. and Evans, J. P.},
  journal={Rheology and deformation in the lithosphere at continental margins},
  volume={1},
  pages={223--260},
  year={2004}
}

@Article{Dor2006,
author="Dor, Ory
and Rockwell, Thomas K.
and Ben-Zion, Yehuda",
title="Geological Observations of Damage Asymmetry in the Structure of the {S}an {J}acinto, {S}an {A}ndreas and {P}unchbowl Faults in {S}outhern {C}alifornia: {A} Possible Indicator for Preferred Rupture Propagation Direction",
journal="Pure Appl. Geophys.",
year="2006",
month="Mar",
day="01",
volume="163",
number="2",
pages="301--349",
issn="1420--9136",
doi="10.1007/s00024-005-0023-9"
}

@article{Rudnicki1991,
  title={Steady propagation of plane strain shear cracks on an impermeable plane in an elastic diffusive solid},
  author={Rudnicki, J. W. and Koutsibelas, D. A.},
  journal={Int. J. Solids Struct.},
  volume={27},
  number={2},
  pages={205--225},
  year={1991},
  publisher={Elsevier}
}

@article{Aldam2016,
  title = {Frictional Sliding without Geometrical Reflection Symmetry},
  author = {Aldam, Michael and Bar-Sinai, Yohai and Svetlizky, Ilya and Brener, Efim A. and Fineberg, Jay and Bouchbinder, Eran},
  journal = {Phys. Rev. X},
  volume = {6},
  issue = {4},
  pages = {041023},
  numpages = {14},
  year = {2016},
  month = {Oct},
  publisher = {American Physical Society},
  doi = {10.1103/PhysRevX.6.041023}
}

@article{Fukao1979,
author = {Fukao, Yoshio},
title = {Tsunami earthquakes and subduction processes near deep-sea trenches},
journal = {J. Geophys. Res. Solid Earth},
volume = {84},
number = {B5},
pages = {2303-2314},
doi = {10.1029/JB084iB05p02303},
year = {1979}
}

@article{Gong2006,
  title={Friction and lubrication of hydrogels—its richness and complexity},
  author={Gong, Jian Ping},
  journal={Soft matter},
  volume={2},
  number={7},
  pages={544--552},
  year={2006},
  doi={10.1039/B603209P},
  publisher={Royal Society of Chemistry}
}

@article{Gelref,
title = "The feasibility of using elastography for imaging the Poisson's ratio in porous media",
journal = "Ultrasound Med. Biol.",
volume = "30",
number = "2",
pages = "215 - 228",
year = "2004",
issn = "0301-5629",
doi = "10.1016/j.ultrasmedbio.2003.10.022",
author = "Raffaella Righetti and Jonathan Ophir and Seshadri Srinivasan and Thomas A. Krouskop",
}

@Article{Brener2005,
author="Brener, E. A.
and Malinin, S. V.
and Marchenko, V. I.",
title="Fracture and friction: Stick-slip motion",
journal="Eur. Phys. J. E.",
year="2005",
month="May",
day="01",
volume="17",
number="1",
pages="101--113",
doi="10.1140/epje/i2004-10112-3"
}

@article{Rudnicki1995,
author = {Rudnicki, J. W. and Wu, M.},
title = {Mechanics of dip-slip faulting in an elastic half-space},
journal = {J. Geophys. Res. Solid Earth},
volume = {100},
number = {B11},
pages = {22173-22186},
doi = {10.1029/95JB02246},
year = {1995}
}

@article {Bhattacharya2019,
	author = {Bhattacharya, Pathikrit and Viesca, Robert C.},
	title = {Fluid-induced aseismic fault slip outpaces pore-fluid migration},
	volume = {364},
	number = {6439},
	pages = {464--468},
	year = {2019},
	doi = {10.1126/science.aaw7354},
	publisher = {American Association for the Advancement of Science},
	issn = {0036-8075},
	journal = {Science}
}

@article{Jha2014,
author = {Jha, Birendra and Juanes, Ruben},
title = {Coupled multiphase flow and poromechanics: A computational model of pore pressure effects on fault slip and earthquake triggering},
journal = {Water Resources Research},
volume = {50},
number = {5},
pages = {3776-3808},
keywords = {geomechanics, multiphase flow, geologic faults, induced seismicity, computational modeling},
doi = {10.1002/2013WR015175},
year = {2014}
}

@article{Platt2014,
author = {Platt, John D. and Rudnicki, John W. and Rice, James R.},
title = {Stability and localization of rapid shear in fluid-saturated fault gouge: 2. Localized zone width and strength evolution},
journal = {Journal of Geophysical Research: Solid Earth},
volume = {119},
number = {5},
pages = {4334-4359},
keywords = {strain localization, thermal pressurization},
doi = {10.1002/2013JB010711},
year = {2014}
}

@article{Rice2014,
author = {Rice, James R. and Rudnicki, John W. and Platt, John D.},
title = {Stability and localization of rapid shear in fluid-saturated fault gouge: 1. Linearized stability analysis},
journal = {Journal of Geophysical Research: Solid Earth},
volume = {119},
number = {5},
pages = {4311-4333},
keywords = {strain localization, thermal pressurization},
doi = {10.1002/2013JB010710},
year = {2014}
}

@article{Segall1995,
author = {Segall, Paul and Rice, James R.},
title = {Dilatancy, compaction, and slip instability of a fluid-infiltrated fault},
journal = {Journal of Geophysical Research: Solid Earth},
volume = {100},
number = {B11},
pages = {22155--22171},
doi = {10.1029/95JB02403},
year = {1995}
}

@article{Rudnicki1988,
author = {Rudnicki, John W. and Chen, Chao-Hsun},
title = {Stabilization of rapid frictional slip on a weakening fault by dilatant hardening},
journal = {Journal of Geophysical Research: Solid Earth},
volume = {93},
number = {B5},
pages = {4745--4757},
doi = {10.1029/JB093iB05p04745},
year = {1988}
}


@article{Proctor2020,
author = {Proctor, B. and Lockner, D. A. and Kilgore, B. D. and Mitchell, T. M. and Beeler, N. M.},
title = {Direct Evidence for Fluid Pressure, Dilatancy, and Compaction Affecting Slip in Isolated Faults},
journal = {Geophysical Research Letters},
volume = {47},
number = {16},
pages = {e2019GL086767},
doi = {10.1029/2019GL086767},
year = {2020}
}

@article{Sleep1995,
author = {Sleep, Norman H.},
title = {Ductile creep, compaction, and rate and state dependent friction within major fault zones},
journal = {Journal of Geophysical Research: Solid Earth},
volume = {100},
number = {B7},
pages = {13065-13080},
doi = {10.1029/94JB03340},
year = {1995}
}

@article{Torabi2007,
title = "Shear zones in porous sand: Insights from ring-shear experiments and naturally deformed sandstones",
journal = "Tectonophysics",
volume = "437",
number = "1",
pages = "37 - 50",
year = "2007",
issn = "0040-1951",
doi = "10.1016/j.tecto.2007.02.018",
author = "Anita Torabi and Alvar Braathen and Fabrice Cuisiat and Haakon Fossen"
}

@book{Fagereng2018,
  title={Fluid-related deformation processes at the up-and down-dip limits of the subduction thrust seismogenic zone: What do the rocks tell us},
  author={Fagereng, {\AA}ke and Diener, Johann FA and Ellis, Susan and Remitti, Francesca},
  volume={534},
  year={2018},
  publisher={Geol. Soc. Am. Spec. Pap}
}

@article{Boullier2009,
author = {Boullier, Anne-Marie and Yeh, En-Chao and Boutareaud, Sébastien and Song, Sheng-Rong and Tsai, Chin-Ho},
title = {Microscale anatomy of the 1999 Chi-Chi earthquake fault zone},
journal = {Geochemistry, Geophysics, Geosystems},
volume = {10},
number = {3},
pages = {},
keywords = {Chi-Chi earthquake, principal slip zone, microstructures, gouge fluidization, clay-clast aggregates, TCDP},
doi = {10.1029/2008GC002252},
year = {2009}
}

@article{Paola2008,
author = {De Paola, N. and Collettini, C. and Faulkner, D. R. and Trippetta, F.},
title = {Fault zone architecture and deformation processes within evaporitic rocks in the upper crust},
journal = {Tectonics},
volume = {27},
number = {4},
doi = {10.1029/2007TC002230},
year = {2008}
}

@article{Heermance2003,
    author = {Heermance, Richard and Shipton, Zoe K. and Evans, James P.},
    title = "{Fault Structure Control on Fault Slip and Ground Motion during the 1999 Rupture of the Chelungpu Fault, Taiwan}",
    journal = {Bulletin of the Seismological Society of America},
    volume = {93},
    number = {3},
    pages = {1034-1050},
    year = {2003},
    month = {06},
    issn = {0037-1106},
    doi = {10.1785/0120010230}
}

@article{Raimbourg2019,
title = "Distributed deformation along the subduction plate interface: The role of tectonic mélanges",
journal = "Lithos",
volume = "334-335",
pages = "69 - 87",
year = "2019",
issn = "0024-4937",
doi = "https://doi.org/10.1016/j.lithos.2019.01.033",
author = "Hugues Raimbourg and Vincent Famin and Giulia Palazzin and Asuka Yamaguchi and Romain Augier and Yujin Kitamura and Arito Sakaguchi"
}

@article{Thomas2009,
  title={Tremor-tide correlations and near-lithostatic pore pressure on the deep San Andreas fault},
  author={Thomas, Amanda M and Nadeau, Robert M and B{\"u}rgmann, Roland},
  journal={Nature},
  volume={462},
  number={7276},
  pages={1048--1051},
  year={2009},
  doi={10.1038/nature08654},
  publisher={Nature Publishing Group}
}

@article{Jonsson2003,
  title={Post-earthquake ground movements correlated to pore-pressure transients},
  author={J{\'o}nsson, Sigurj{\'o}n and Segall, Paul and Pedersen, Rikke and Bj{\"o}rnsson, Gr{\'\i}mur},
  journal={Nature},
  volume={424},
  number={6945},
  pages={179--183},
  year={2003},
  doi={10.1038/nature01776},
  publisher={Nature Publishing Group}
}

@article{Marone1990,
author = {Marone, Chris and Raleigh, C. Barry and Scholz, C. H.},
title = {Frictional behavior and constitutive modeling of simulated fault gouge},
journal = {Journal of Geophysical Research: Solid Earth},
volume = {95},
number = {B5},
pages = {7007-7025},
doi = {10.1029/JB095iB05p07007},
year = {1990}
}

@article{Lockner1994,
author = {Lockner, David A. and Byerlee, James D.},
title = {Dilatancy in hydraulically isolated faults and the suppression of instability},
journal = {Geophysical Research Letters},
volume = {21},
number = {22},
pages = {2353-2356},
doi = {10.1029/94GL02366},
year = {1994}
}

@article{Liu2013,
author = {Liu, Yajing},
title = {Numerical simulations on megathrust rupture stabilized under strong dilatancy strengthening in slow slip region},
journal = {Geophysical Research Letters},
volume = {40},
number = {7},
pages = {1311-1316},
keywords = {slow slip events, dilatancy strengthening, megathrust rupture},
doi = {10.1002/grl.50298},
year = {2013}
}

@article{Zilio2020,
author = {Dal Zilio, Luca and Lapusta, Nadia and Avouac, Jean-Philippe},
title = {Unraveling Scaling Properties of Slow-Slip Events},
journal = {Geophysical Research Letters},
volume = {47},
number = {10},
doi = {10.1029/2020GL087477},
year = {2020}
}

@article{Rice2006,
author = {Rice, James R.},
title = {Heating and weakening of faults during earthquake slip},
journal = {Journal of Geophysical Research: Solid Earth},
volume = {111},
number = {B5},
doi = {10.1029/2005JB004006},
year = {2006}
}

@article{Fine1973,
author = {Fine,Rana A.  and Millero,Frank J. },
title = {Compressibility of water as a function of temperature and pressure},
journal = {The Journal of Chemical Physics},
volume = {59},
number = {10},
pages = {5529-5536},
year = {1973},
doi = {10.1063/1.1679903},
URL = {https://doi.org/10.1063/1.1679903}
}

@article{Heimisson2021,
author = {Heimisson, El\'ias Rafn and Rudnicki, John and Lapusta, Nadia},
title = {Dilatancy and Compaction of a Rate-and-State Fault in a Poroelastic Medium: Linearized Stability Analysis},
journal = {Journal of Geophysical Research: Solid Earth},
volume = {126},
number = {8},
pages = {e2021JB022071},
doi = {https://doi.org/10.1029/2021JB022071},
year = {2021}
}


@article{Heimisson2020,
title = "Crack to pulse transition and magnitude statistics during earthquake cycles on a self-similar rough fault",
journal = "Earth and Planetary Science Letters",
volume = "537",
pages = "116202",
year = "2020",
issn = "0012-821X",
doi = "https://doi.org/10.1016/j.epsl.2020.116202",
author = "Elías Rafn Heimisson"
}

@article{Duchon1979,
  title={Lanczos filtering in one and two dimensions},
  author={Duchon, Claude E},
  journal={Journal of applied meteorology},
  volume={18},
  number={8},
  pages={1016--1022},
  year={1979}
}

@article{Lapusta2000,
author = {Lapusta, Nadia and Rice, James R. and Ben-Zion, Yehuda and Zheng, Gutuan},
title = {Elastodynamic analysis for slow tectonic loading with spontaneous rupture episodes on faults with rate- and state-dependent friction},
journal = {Journal of Geophysical Research: Solid Earth},
volume = {105},
number = {B10},
pages = {23765-23789},
doi = {https://doi.org/10.1029/2000JB900250},
year = {2000}
}

@article{Kaneko2011,
author = {Kaneko, Y. and Ampuero, J.-P. and Lapusta, N.},
title = {Spectral-element simulations of long-term fault slip: Effect of low-rigidity layers on earthquake-cycle dynamics},
journal = {Journal of Geophysical Research: Solid Earth},
volume = {116},
number = {B10},
doi = {https://doi.org/10.1029/2011JB008395},
year = {2011}
}

@article{Raleigh1976,
  title={An experiment in earthquake control at Rangely, Colorado},
  author={Raleigh, CB and Healy, JH and Bredehoeft, JD},
  journal={Science},
  volume={191},
  number={4233},
  pages={1230--1237},
  year={1976},
  doi={10.1126/science.191.4233.1230},
  publisher={American Association for the Advancement of Science}
}

@article{Hsieh1981,
author = {Hsieh, Paul A. and Bredehoeft, John D.},
title = {A reservoir analysis of the Denver earthquakes: A case of induced seismicity},
journal = {Journal of Geophysical Research: Solid Earth},
volume = {86},
number = {B2},
pages = {903-920},
doi = {https://doi.org/10.1029/JB086iB02p00903},
year = {1981}
}

@article{Viesca2019,
author = {Viesca, Robert C. and Dublanchet, Pierre},
title = {The Slow Slip of Viscous Faults},
journal = {Journal of Geophysical Research: Solid Earth},
volume = {124},
number = {5},
pages = {4959-4983},
keywords = {fault strength, post-seismic slip, slow slip, moment duration, surface displacement, self-similarity},
doi = {https://doi.org/10.1029/2018JB016294},
year = {2019}
}

@article{Ciardo2019,
author = {Ciardo, F. and Lecampion, B.},
title = {Effect of Dilatancy on the Transition From Aseismic to Seismic Slip Due to Fluid Injection in a Fault},
journal = {Journal of Geophysical Research: Solid Earth},
volume = {124},
number = {4},
pages = {3724-3743},
doi = {https://doi.org/10.1029/2018JB016636},
year = {2019}
}

@article{Noda2012,
  title={Stable creeping fault segments can become destructive as a result of dynamic weakening},
  author={Noda, Hiroyuki and Lapusta, Nadia},
  journal={Nature},
  volume={493},
  number={7433},
  pages={518--521},
  doi={https://doi.org/10.1038/nature11703},
  year={2013},
  publisher={Nature Publishing Group}
}

@article{Bizzarri2006,
author = {Bizzarri, A. and Cocco, M.},
title = {A thermal pressurization model for the spontaneous dynamic rupture propagation on a three-dimensional fault: 1. {M}ethodological approach},
journal = {Journal of Geophysical Research: Solid Earth},
volume = {111},
number = {B5},
pages = {},
doi = {https://doi.org/10.1029/2005JB003862},
year = {2006}
}

@article{Cocco2002,
author = {Cocco, Massimo and Rice, James R.},
title = {Pore pressure and poroelasticity effects in Coulomb stress analysis of earthquake interactions},
journal = {Journal of Geophysical Research: Solid Earth},
volume = {107},
number = {B2},
pages = {ESE 2-1-ESE 2-17},
doi = {https://doi.org/10.1029/2000JB000138},
year = {2002}
}

@article{Segall2006,
author = {Segall, Paul and Rice, James R.},
title = {Does shear heating of pore fluid contribute to earthquake nucleation?},
journal = {Journal of Geophysical Research: Solid Earth},
volume = {111},
number = {B9},
keywords = {fault mechanics},
doi = {https://doi.org/10.1029/2005JB004129},
year = {2006}
}

@article{Yehya2018,
author = {Yehya, Alissar and Yang, Zhuo and Rice, James R.},
title = {Effect of Fault Architecture and Permeability Evolution on Response to Fluid Injection},
journal = {Journal of Geophysical Research: Solid Earth},
volume = {123},
number = {11},
pages = {9982-9997},
doi = {https://doi.org/10.1029/2018JB016550},
year = {2018}
}

@article{Cochard1997,
title = {A spectral method for numerical elastodynamic fracture analysis without spatial replication of the rupture event},
journal = {Journal of the Mechanics and Physics of Solids},
volume = {45},
number = {8},
pages = {1393-1418},
year = {1997},
issn = {0022-5096},
doi = {https://doi.org/10.1016/S0022-5096(97)00004-5},
author = {Alain Cochard and James R. Rice}
}

@Manual{matlabsymbolic,
    title = {Symbolic Math Toolbox},
    author = {The MathWorks, Inc.},
    address = {Natick, Massachusetts, United State},
    year = {2019},
    url = {https://www.mathworks.com/help/symbolic/},
  }
  
  @inproceedings{Burridge1969,
  title={The self-similar problem of the expanding elliptical crack in an anisotropic solid},
  author={Burridge, R and Willis, JR},
  booktitle={Mathematical Proceedings of the Cambridge Philosophical Society},
  volume={66},
  number={2},
  pages={443--468},
  year={1969},
  organization={Cambridge University Press}
}

@Article{Ma2022,
AUTHOR = {Ma, X. and Hertrich, M. and Amann, F. and Br\"oker, K. and Gholizadeh Doonechaly, N. and Gischig, V. and Hochreutener, R. and K\"astli, P. and Krietsch, H. and Marti, M. and N\"ageli, B. and Nejati, M. and Obermann, A. and Plenkers, K. and Rinaldi, A. P. and Shakas, A. and Villiger, L. and Wenning, Q. and Zappone, A. and Bethmann, F. and Castilla, R. and Seberto, F. and Meier, P. and Driesner, T. and Loew, S. and Maurer, H. and Saar, M. O. and Wiemer, S. and Giardini, D.},
TITLE = {Multi-disciplinary characterizations of the BedrettoLab
-- a new underground geoscience research facility},
JOURNAL = {Solid Earth},
VOLUME = {13},
YEAR = {2022},
NUMBER = {2},
PAGES = {301--322},
URL = {https://se.copernicus.org/articles/13/301/2022/},
DOI = {10.5194/se-13-301-2022}
}

@article{Guglielmi2020,
author = {Guglielmi, Yves and Nussbaum, Christophe and Jeanne, Pierre and Rutqvist, Jonny and Cappa, Frédéric and Birkholzer, Jens},
title = {Complexity of Fault Rupture and Fluid Leakage in Shale: Insights From a Controlled Fault Activation Experiment},
journal = {Journal of Geophysical Research: Solid Earth},
volume = {125},
number = {2},
pages = {e2019JB017781},
doi = {https://doi.org/10.1029/2019JB017781},
year = {2020}
}

@inproceedings{Ma2020,
  title={Preliminary in situ stress and fractures characterization in the Bedretto Underground Laboratory, Swiss Alps: implications on hydraulic stimulation},
  author={Ma, Xiaodong and Gholizadeh Doonechaly, Nima and Hertrich, Marian and Gischig, Valentin and Klee, Gerd},
  booktitle={Rock Mechanics for Natural Resources and Infrastructure Development-Full Papers Proceedings of the 14th International Congress on Rock Mechanics and Rock Engineering (ISRM 2019), September 13-18, 2019, Foz do Iguassu, Brazil},
  volume={6},
  pages={1559--1567},
  year={2020},
  organization={CRC Press}
}


@article{Schoenball2020,
author = {Schoenball, Martin and Ajo-Franklin, Jonathan B. and Blankenship, Doug and Chai, Chengping and Chakravarty, Aditya and Dobson, Patrick and Hopp, Chet and Kneafsey, Timothy and Knox, Hunter A. and Maceira, Monica and Robertson, Michelle C. and Sprinkle, Parker and Strickland, Christopher and Templeton, Dennise and Schwering, Paul C. and Ulrich, Craig and Wood, Todd and The EGS Collab Team},
title = {Creation of a Mixed-Mode Fracture Network at Mesoscale Through Hydraulic Fracturing and Shear Stimulation},
journal = {Journal of Geophysical Research: Solid Earth},
volume = {125},
number = {12},
keywords = {induced seismicity, enhanced geothermal systems, mesoscale},
doi = {https://doi.org/10.1029/2020JB019807},
year = {2020}
}

@article{Guglielmi2021,
author = {Guglielmi, Y. and Cook, P. and Soom, F. and Schoenball, M. and Dobson, P. and Kneafsey, T.},
title = {In Situ Continuous Monitoring of Borehole Displacements Induced by Stimulated Hydrofracture Growth},
journal = {Geophysical Research Letters},
volume = {48},
number = {4},
keywords = {borehole displacements, deep stress environment, foliated metamorphic rock, hydrofracture, induced seismicity, monitoring fracture nucleation and growth},
doi = {https://doi.org/10.1029/2020GL090782},
year = {2021}
}

@article{Quin1989,
  title={A hybrid boundary integral equation method for the computation of source time functions for 3-D rupture propagation},
  author={Quin, HR and Das, Shamita X},
  journal={Geophysical Journal International},
  volume={96},
  number={1},
  pages={163--177},
  doi = {https://doi.org/10.1111/j.1365-246X.1989.tb05258.x},
  year={1989},
  publisher={Blackwell Publishing Ltd Oxford, UK}
}

@article{Perrin1994,
title = {Disordering of a dynamic planar crack front in a model elastic medium of randomly variable toughness},
journal = {Journal of the Mechanics and Physics of Solids},
volume = {42},
number = {6},
pages = {1047-1064},
year = {1994},
issn = {0022-5096},
doi = {https://doi.org/10.1016/0022-5096(94)90083-3},
author = {Gilles Perrin and James R. Rice}
}

@article{Geubelle1995,
title = {A spectral method for three-dimensional elastodynamic fracture problems},
journal = {Journal of the Mechanics and Physics of Solids},
volume = {43},
number = {11},
pages = {1791-1824},
year = {1995},
issn = {0022-5096},
doi = {https://doi.org/10.1016/0022-5096(95)00043-I},
author = {Philippe H. Geubelle and James R. Rice}
}

@article{Jose1992,
author = {Dominguez, José},
title = {Boundary element approach for dynamic poroelastic problems},
journal = {International Journal for Numerical Methods in Engineering},
volume = {35},
number = {2},
pages = {307-324},
doi = {https://doi.org/10.1002/nme.1620350206},
year = {1992}
}

@article{Behrooz2002,
author = {Behrooz Gatmiri  and Mohssen Kamalian },
title = {On the Fundamental Solution of Dynamic Poroelastic Boundary Integral Equations in the Time Domain},
journal = {International Journal of Geomechanics},
volume = {2},
number = {4},
pages = {381-398},
year = {2002},
doi = {10.1061/(ASCE)1532-3641(2002)2:4(381)}
}

@misc{Romanet2021fully,
      title={Fully dynamic earthquake cycle simulations on a non-planar fault using the spectral boundary integral element method}, 
      author={Pierre Romanet and So Ozawa},
      year={2021},
      eprint={2107.03550},
      archivePrefix={arXiv},
      primaryClass={physics.geo-ph}
}

@article{Elbanna2019,
author = {Ma, Xiao and Hajarolasvadi, Setare and Albertini, Gabriele and Kammer, David S. and Elbanna, Ahmed E.},
title = {A hybrid finite element-spectral boundary integral approach: Applications to dynamic rupture modeling in unbounded domains},
journal = {International Journal for Numerical and Analytical Methods in Geomechanics},
volume = {43},
number = {1},
pages = {317-338},
keywords = {earthquakes, dynamic fracture, finite element, spectral boundary integral},
doi = {https://doi.org/10.1002/nag.2865},
year = {2019}
}


@article{Hiroyuki2021,
  title={Dynamic earthquake sequence simulation with a SBIEM without periodic boundaries},
  author={Noda, Hiroyuki},
  journal={Earth, Planets and Space (Online)},
  volume={73},
  number={1},
  year={2021},
  doi={https://doi.org/10.1007/s10596-018-9757-1},
  publisher={Springer Nature BV}
}

@article{Rice1993,
author = {Rice, James R.},
title = {Spatio-temporal complexity of slip on a fault},
journal = {Journal of Geophysical Research: Solid Earth},
volume = {98},
number = {B6},
pages = {9885-9907},
doi = {https://doi.org/10.1029/93JB00191},
year = {1993}
}

@article{Lapusta2009,
author = {Lapusta, Nadia and Liu, Yi},
title = {Three-dimensional boundary integral modeling of spontaneous earthquake sequences and aseismic slip},
journal = {Journal of Geophysical Research: Solid Earth},
volume = {114},
number = {B9},
pages = {},
keywords = {interaction of seismic and aseismic slip, dynamic rupture, earthquake nucleation, earthquake source physics},
doi = {https://doi.org/10.1029/2008JB005934},
year = {2009}
}

@article{Barbot2021,
    author = {Barbot, Sylvain},
    title = "{A Spectral Boundary‐Integral Method for Quasi‐Dynamic Ruptures of Multiple Parallel Faults}",
    journal = {Bulletin of the Seismological Society of America},
    volume = {111},
    number = {3},
    pages = {1614-1630},
    year = {2021},
    month = {04},
    issn = {0037-1106},
    doi = {10.1785/0120210004}
}

@article{Yang2021,
author = {Yang, Yuyun and Dunham, Eric M.},
title = {Effect of Porosity and Permeability Evolution on Injection-Induced Aseismic Slip},
journal = {Journal of Geophysical Research: Solid Earth},
volume = {126},
number = {7},
pages = {e2020JB021258},
doi = {https://doi.org/10.1029/2020JB021258},
year = {2021}
}

@article{Zhang1999,
title = {Permeability anisotropy and pressure dependency of permeability in experimentally sheared gouge materials},
journal = {Journal of Structural Geology},
volume = {21},
number = {7},
pages = {795-806},
year = {1999},
issn = {0191-8141},
doi = {https://doi.org/10.1016/S0191-8141(99)00080-2},
author = {Shuqing Zhang and Terry E Tullis and Valerie J Scruggs}
}

@article{BenZion1997,
author = {Ben-Zion, Yehuda and Rice, James R.},
title = {Dynamic simulations of slip on a smooth fault in an elastic solid},
journal = {Journal of Geophysical Research: Solid Earth},
volume = {102},
number = {B8},
pages = {17771-17784},
doi = {https://doi.org/10.1029/97JB01341},
year = {1997}
}


@article{Larochelle2021,
author = {Larochelle, Stacy and Lapusta, Nadia and Ampuero, Jean-Paul and Cappa, Frédéric},
title = {Constraining Fault Friction and Stability With Fluid-Injection Field Experiments},
journal = {Geophysical Research Letters},
volume = {48},
number = {10},
pages = {e2020GL091188},
doi = {https://doi.org/10.1029/2020GL091188},
year = {2021}
}

@book{Cheng2016,
  title={Poroelasticity},
  author={Cheng, Alexander H-D},
  volume={877},
  year={2016},
  publisher={Springer}
}

@article{Rice1996,
	author = {Rice, J R and Ben-Zion, Y},
	title = {Slip complexity in earthquake fault models},
	volume = {93},
	number = {9},
	pages = {3811--3818},
	year = {1996},
	doi = {10.1073/pnas.93.9.3811},
	publisher = {National Academy of Sciences},
	issn = {0027-8424},
	journal = {Proceedings of the National Academy of Sciences}
}

@article{Talbot1979,
    author = {Talbot, A.},
    title = "{The Accurate Numerical Inversion of Laplace Transforms}",
    journal = {IMA Journal of Applied Mathematics},
    volume = {23},
    number = {1},
    pages = {97-120},
    year = {1979},
    month = {01},
    issn = {0272-4960},
    doi = {10.1093/imamat/23.1.97}
}

@article{Cappa2019,
author = {Frédéric Cappa  and Marco Maria Scuderi  and Cristiano Collettini  and Yves Guglielmi  and Jean-Philippe Avouac },
title = {Stabilization of fault slip by fluid injection in the laboratory and in situ},
journal = {Science Advances},
volume = {5},
number = {3},
pages = {eaau4065},
year = {2019},
doi = {10.1126/sciadv.aau4065}
}

@article{Liu2007,
author = {Liu, Yajing and Rice, James R.},
title = {Spontaneous and triggered aseismic deformation transients in a subduction fault model},
journal = {Journal of Geophysical Research: Solid Earth},
volume = {112},
number = {B9},
pages = {},
keywords = {aseismic transients, rate and state friction, subduction zone},
doi = {https://doi.org/10.1029/2007JB004930},
year = {2007}
}

@article{Liu2005,
author = {Liu, Yajing and Rice, James R.},
title = {Aseismic slip transients emerge spontaneously in three-dimensional rate and state modeling of subduction earthquake sequences},
journal = {Journal of Geophysical Research: Solid Earth},
volume = {110},
number = {B8},
pages = {},
keywords = {aseismic slip transients, rate and state friction, 3-D subduction fault},
doi = {https://doi.org/10.1029/2004JB003424},
year = {2005}
}

@article{Shibazaki2007,
    author = {Shibazaki, Bunichiro and Shimamoto, Toshihiko},
    title = "{Modelling of short-interval silent slip events in deeper subduction interfaces considering the frictional properties at the unstable—stable transition regime}",
    journal = {Geophysical Journal International},
    volume = {171},
    number = {1},
    pages = {191-205},
    year = {2007},
    month = {10},
    issn = {0956-540X},
    doi = {10.1111/j.1365-246X.2007.03434.x}
}

@article{Hawthorne2013,
author = {Hawthorne, J. C. and Rubin, A. M.},
title = {Laterally propagating slow slip events in a rate and state friction model with a velocity-weakening to velocity-strengthening transition},
journal = {Journal of Geophysical Research: Solid Earth},
volume = {118},
number = {7},
pages = {3785-3808},
keywords = {slow earthquakes, rate and state friction, weakening to strengthening transition},
doi = {https://doi.org/10.1002/jgrb.50261},
year = {2013}
}

@article{Leeman2016,
  title={Laboratory observations of slow earthquakes and the spectrum of tectonic fault slip modes},
  author={Leeman, JR and Saffer, DM and Scuderi, MM and Marone, C},
  journal={Nature communications},
  volume={7},
  number={1},
  pages={1--6},
  year={2016},
  doi={https://doi.org/10.1038/ncomms11104},
  publisher={Nature Publishing Group}
}

@article{Tong2018,
  title={Simulation of slip transients and earthquakes in finite thickness shear zones with a plastic formulation},
  author={Tong, Xinyue and Lavier, Luc L},
  journal={Nature communications},
  volume={9},
  number={1},
  pages={1--8},
  year={2018},
  doi={https://doi.org/10.1038/s41467-018-06390-z},
  publisher={Nature Publishing Group}
}

@article{Zilio2020,
author = {Dal Zilio, Luca and Lapusta, Nadia and Avouac, Jean-Philippe},
title = {Unraveling Scaling Properties of Slow-Slip Events},
journal = {Geophysical Research Letters},
volume = {47},
number = {10},
pages = {e2020GL087477},
keywords = {slow-slip events, moment scaling, Cascadia, modeling, Subduction zones, rupture velocity},
doi = {https://doi.org/10.1029/2020GL087477},
year = {2020}
}

@misc{StacyData,
  doi = {10.22002/D1.1891},
  url = {https://data.caltech.edu/records/1891},
  author = {Larochelle, Stacy and Lapusta, Nadia and Ampuero, Jean-Paul and Cappa, Frédéric},
  keywords = {fluid-induced fault slip},
  language = {en},
  title = {Constraining Fault Friction and Stability with Fluid-Injection Field Experiments},
  publisher = {CaltechDATA},
  year = {2021},
  copyright = {Creative Commons Zero v1.0 Universal}
}

@software{elias_rafn_heimisson_Poro_SBIM,
  author       = {Elias Rafn Heimisson},
  title        = {eliasrh/Poro\_SBIM: Poro\_SBIM\_v1.0},
  month        = feb,
  year         = 2022,
  publisher    = {Zenodo},
  version      = {v1.0},
  doi          = {10.5281/zenodo.6010353},
  url          = {https://doi.org/10.5281/zenodo.6010353}
}

@article{Brace1966,
author = {Brace, W. F. and Paulding Jr., B. W. and Scholz, C.},
title = {Dilatancy in the fracture of crystalline rocks},
journal = {Journal of Geophysical Research (1896-1977)},
volume = {71},
number = {16},
pages = {3939-3953},
doi = {https://doi.org/10.1029/JZ071i016p03939},
year = {1966}
}

@article{CaineEvans,
    author = {Caine, Jonathan Saul and Evans, James P. and Forster, Craig B.},
    title = "{Fault zone architecture and permeability structure}",
    journal = {Geology},
    volume = {24},
    number = {11},
    pages = {1025-1028},
    year = {1996},
    month = {11},
    issn = {0091-7613},
    doi = {10.1130/0091-7613(1996)024<1025:FZAAPS>2.3.CO;2}
}


@article{Morel2020,
author = {Wynants-Morel, Nicolas and Cappa, Frédéric and De Barros, Louis and Ampuero, Jean-Paul},
title = {Stress Perturbation From Aseismic Slip Drives the Seismic Front During Fluid Injection in a Permeable Fault},
journal = {Journal of Geophysical Research: Solid Earth},
volume = {125},
number = {7},
pages = {e2019JB019179},
doi = {https://doi.org/10.1029/2019JB019179},
year = {2020}
}


@article{Cheng1984,
author = {Cheng, Alexander H.-D. and Liggett, James A.},
title = {Boundary integral equation method for linear porous-elasticity with applications to fracture propagation},
journal = {International Journal for Numerical Methods in Engineering},
volume = {20},
number = {2},
pages = {279-296},
doi = {https://doi.org/10.1002/nme.1620200207},
year = {1984}
}

@article{Cheng1998,
title = {On singular integral equations and fundamental solutions of poroelasticity},
journal = {International Journal of Solids and Structures},
volume = {35},
number = {34},
pages = {4521-4555},
year = {1998},
issn = {0020-7683},
doi = {https://doi.org/10.1016/S0020-7683(98)00082-1},
author = {Cheng, Alexander H.-D. and E. Detournay}
}

@article{Cheng1988,
author = {Cheng, Alexander H.-D. and Detournay, Emmanuel},
title = {A direct boundary element method for plane strain poroelasticity},
journal = {International Journal for Numerical and Analytical Methods in Geomechanics},
volume = {12},
number = {5},
pages = {551-572},
doi = {https://doi.org/10.1002/nag.1610120508},
year = {1988}
}


@article{Brantut2021,
author = {Brantut, Nicolas},
title = {Dilatancy Toughening of Shear Cracks and Implications for Slow Rupture Propagation},
journal = {Journal of Geophysical Research: Solid Earth},
volume = {126},
number = {11},
pages = {e2021JB022239},
doi = {https://doi.org/10.1029/2021JB022239},
year = {2021}
}

@article{Garagash2020,
author = {Garagash, Dmitry I. },
title = {Fracture mechanics of rate-and-state faults and fluid injection induced slip},
journal = {Philosophical Transactions of the Royal Society A: Mathematical, Physical and Engineering Sciences},
volume = {379},
number = {2196},
pages = {20200129},
year = {2021},
doi = {10.1098/rsta.2020.0129}
}

@article{Dublanchet2019,
title = {Fluid driven shear cracks on a strengthening rate-and-state frictional fault},
journal = {Journal of the Mechanics and Physics of Solids},
volume = {132},
pages = {103672},
year = {2019},
issn = {0022-5096},
doi = {https://doi.org/10.1016/j.jmps.2019.07.015},
author = {P. Dublanchet}
}

@article{Garagash2012,
author = {Garagash, Dmitry I. and Germanovich, Leonid N.},
title = {Nucleation and arrest of dynamic slip on a pressurized fault},
journal = {Journal of Geophysical Research: Solid Earth},
volume = {117},
number = {B10},
doi = {https://doi.org/10.1029/2012JB009209},
year = {2012}
}

@article{Saez2022,
title = {Three-dimensional fluid-driven stable frictional ruptures},
journal = {Journal of the Mechanics and Physics of Solids},
volume = {160},
pages = {104754},
year = {2022},
issn = {0022-5096},
doi = {https://doi.org/10.1016/j.jmps.2021.104754},
author = {Alexis Sáez and Brice Lecampion and Pathikrit Bhattacharya and Robert C. Viesca}
}

@article{Ciardo2022,
  title={Impact of injection rate ramp-up on nucleation and arrest of dynamic fault slip},
  author={Ciardo, Federico and Rinaldi, Antonio Pio},
  journal={Geomechanics and Geophysics for Geo-Energy and Geo-Resources},
  volume={8},
  number={1},
  pages={1--27},
  doi={https://doi.org/10.1007/s40948-021-00336-4},
  year={2022},
  publisher={Springer}
}


@article{Heimisson2022spectral,
  title={Spectral boundary integral method for simulating static and dynamic fields from a fault rupture in a poroelastodynamic solid},
  author={Heimisson, Elias Rafn and Rinaldi, Antonio Pio},
  journal={Geomechanics and Geophysics for Geo-energy and Geo-resources},
  volume={8},
  number={2},
  pages={1--20},
  year={2022},
  doi={https://doi.org/10.1007/s40948-022-00368-4},
  publisher={Springer}
}

@article{Viesca2021, 
title={Self-similar fault slip in response to fluid injection}, 
volume={928}, 
DOI={10.1017/jfm.2021.825}, 
journal={Journal of Fluid Mechanics}, 
publisher={Cambridge University Press}, 
author={Viesca, Robert C.}, 
year={2021}, 
pages={A29}
}

@article{Noda2010,
author = {Noda, Hiroyuki and Lapusta, Nadia},
title = {Three-dimensional earthquake sequence simulations with evolving temperature and pore pressure due to shear heating: Effect of heterogeneous hydraulic diffusivity},
journal = {Journal of Geophysical Research: Solid Earth},
volume = {115},
number = {B12},
pages = {},
keywords = {dynamic rupture, earthquake cycle, fault weakening, thermal pressurization, earthquake nucleation, earthquake source physics},
doi = {https://doi.org/10.1029/2010JB007780},
year = {2010}
}

@article{Gori2021,
author = {Marcello Gori  and Vito Rubino  and Ares J. Rosakis  and Nadia Lapusta },
title = {Dynamic rupture initiation and propagation in a fluid-injection laboratory setup with diagnostics across multiple temporal scales},
journal = {Proceedings of the National Academy of Sciences},
volume = {118},
number = {51},
pages = {e2023433118},
year = {2021},
doi = {10.1073/pnas.2023433118}
}
